<?xml version="1.0" encoding="UTF-8"?><collection xmlns="http://www.loc.gov/MARC21/slim"><record><leader>00523nam--2200181-i-4500</leader><controlfield tag="001">000014817</controlfield><controlfield tag="002">20161230</controlfield><controlfield tag="005">20161230201031</controlfield><controlfield tag="008">060222s1000------------r-----000-0-fre-d</controlfield><datafield ind1=" " ind2=" " tag="040"><subfield code="a">IFN-HH</subfield></datafield><datafield ind1=" " ind2=" " tag="041"><subfield code="a">fre</subfield></datafield><datafield ind1=" " ind2=" " tag="080"><subfield code="a">537.6(043):538.955(043)</subfield></datafield><datafield ind1="1" ind2=" " tag="100"><subfield code="a">Acker, Florentin</subfield></datafield><datafield ind1="1" ind2="0" tag="245"><subfield code="a">Contribution a l'etude du magnetisme dans les alliages desordinnes a base de nickel</subfield><subfield code="b">These</subfield><subfield code="c">Florentin acker</subfield></datafield><datafield ind1=" " ind2=" " tag="260"><subfield code="a">Lausanne</subfield><subfield code="b">Universite</subfield><subfield code="c">1978</subfield></datafield><datafield ind1=" " ind2=" " tag="300"><subfield code="a">118 P</subfield></datafield><datafield ind1=" " ind2=" " tag="852"><subfield code="a">75554</subfield><subfield code="c">537:538</subfield></datafield><datafield ind1=" " ind2=" " tag="CAT"><subfield code="a">Sys</subfield><subfield code="c">20110628</subfield><subfield code="h">134700</subfield></datafield></record></collection>